<record><leader>00000cas a2200000 a 4500</leader><controlfield tag="001">33371939</controlfield><controlfield tag="008">951025c19949999akuwr ne      0   a0eng c</controlfield><datafield ind1=" " ind2=" " tag="010"><subfield code="a">sn2006058117</subfield></datafield><datafield ind1=" " ind2=" " tag="040"><subfield code="a">UAF</subfield><subfield code="b">eng</subfield><subfield code="c">UAF</subfield><subfield code="d">OCLCQ</subfield><subfield code="d">DLC</subfield><subfield code="d">OCLCQ</subfield><subfield code="d">OCLCF</subfield><subfield code="d">OCLCO</subfield></datafield><datafield ind1="1" ind2=" " tag="029"><subfield code="a">AU@</subfield><subfield code="b">000040339712</subfield></datafield><datafield ind1=" " ind2=" " tag="037"><subfield code="b">Alaska Newspapers Inc., The Cordova Times, 503 E. Sixth Ave., Anchorage, Alaska 99501-2639.</subfield></datafield><datafield ind1=" " ind2=" " tag="042"><subfield code="a">pcc</subfield></datafield><datafield ind1=" " ind2=" " tag="043"><subfield code="a">n-us-ak</subfield></datafield><datafield ind1="0" ind2=" " tag="130"><subfield code="a">Cordova times (1994)</subfield></datafield><datafield ind1="1" ind2="4" tag="245"><subfield code="a">The Cordova times.</subfield></datafield><datafield ind1=" " ind2=" " tag="260"><subfield code="a">Anchorage, Alaska :</subfield><subfield code="b">Alaska Newspapers, Inc.,</subfield><subfield code="c">c1994-</subfield></datafield><datafield ind1=" " ind2=" " tag="300"><subfield code="a">. :</subfield><subfield code="b">ill. ;</subfield><subfield code="c">44 cm.</subfield></datafield><datafield ind1=" " ind2=" " tag="310"><subfield code="a">Weekly</subfield></datafield><datafield ind1="0" ind2=" " tag="362"><subfield code="a">Vol. 79, no. 45 (Jan. 13, 1994)-</subfield></datafield><datafield ind1=" " ind2=" " tag="500"><subfield code="a">Title from caption.</subfield></datafield><datafield ind1=" " ind2=" " tag="515"><subfield code="a">Resumes the numbering of the former: Cordova times, which ceased publication in 1993.</subfield></datafield><datafield ind1=" " ind2="0" tag="651"><subfield code="a">Cordova (Alaska)</subfield><subfield code="v">Newspapers.</subfield></datafield><datafield ind1=" " ind2="7" tag="655"><subfield code="a">Newspapers.</subfield><subfield code="2">fast</subfield><subfield code="0">(OCoLC)fst01423814</subfield></datafield><datafield ind1=" " ind2="7" tag="651"><subfield code="a">Alaska</subfield><subfield code="z">Cordova.</subfield><subfield code="2">fast</subfield><subfield code="0">(OCoLC)fst01207499</subfield></datafield><datafield ind1=" " ind2=" " tag="752"><subfield code="a">United States</subfield><subfield code="b">Alaska</subfield><subfield code="d">Cordova.</subfield></datafield><datafield ind1="0" ind2="1" tag="780"><subfield code="t">Prince William sounder</subfield><subfield code="w">(WLN) wln93662535</subfield></datafield></record>